@Online{fastapi,
  author = {Ramírez, Sebastián},
  note = {[Online]},
  title = {FastAPI Documentation},
  url = {https://fastapi.tiangolo.com/},
  year = {2023}
}

@Online{pytest,
  author = {Krekel, Holger and {pytest Entwicklungteam}},
  note = {[Online]},
  title = {Pytest Documentation},
  url = {https://pytest.org/},
  year = {2023}
}

@Online{starlette,
  note = {[Online]},
  title = {Starlette},
  url = {https://www.starlette.io/},
  year = {2023}
}

@Online{pydantic,
  note = {[Online]},
  title = {Pydantic Documentation},
  url = {https://docs.pydantic.dev/},
  year = {2023}
}

@Online{uvicorn,
  note = {[Online]},
  title = {Uvicorn Documentation},
  url = {https://www.uvicorn.org/},
  year = {2023}
}

@Online{docker,
  author = {Docker},
  note = {[Online]},
  title = {Docker},
  url = {https://www.docker.com/},
  year = {2023}
}

@Online{k8s,
  author = {Kubernetes},
  note = {[Online]},
  title = {Kubernetes},
  url = {https://kubernetes.io/},
  year = {2023}
}

@Online{terraform,
  author = {HashiCorp},
  note = {[Online]},
  title = {Terraform},
  url = {https://www.terraform.io/},
  year = {2023}
}

@Online{npm,
  author = {GitHub},
  note = {[Online]},
  title = {npm},
  url = {https://www.npmjs.com/},
  year = {2023}
}
@Online{cypress,
  note = {[Online]},
  title = {Cypress},
  url = {https://www.cypress.io/},
  year = {2023}
}
@Online{istanbul,
  note = {[Online]},
  title = {istanbul},
  url = {https://istanbul.js.org/},
  year = {2023}
}
@Online{mongodb,
  note = {[Online]},
  title = {MongoDB},
  url = {https://www.mongodb.com/},
  year = {2023}
}

@Online{mongodb-atlas,
  note = {[Online]},
  title = {MongoDB-Atlas},
  url = {https://www.mongodb.com/atlas},
  year = {2023}
}

@Online{pymongo,
  note = {[Online]},
  title = {PyMongo},
  url = {https://pypi.org/project/pymongo/},
  year = {2023}
}

@Online{phaser,
  note = {[Online]},
  title = {Phaser},
  url = {https://phaser.io/},
  year = {2023}
}

@Online{aws,
  note = {[Online]},
  title = {Amazon Web Services},
  url = {https://aws.amazon.com/},
  year = {2023}
}