@misc{agario,
  title = {Agar.io},
  author = {{Miniclip SA}},
  howpublished = {\url{https://www.agar.io/}},
  year = {2015},
  urldate = {2023-05-02}
}

@misc{skribblio,
	title = {Skribbl.io},
	author = {},
	howpublished = {\url{https://skribbl.io/}},
	year = {},
	urldate = {2023-05-02}
}

@misc{takahashi2017,
    title={The surprising momentum behind games like Agar.io},
    url={https://venturebeat.com/games/the-surprising-momentum-behind-io-games-like-agar-io/},
    journal={VentureBeat},
    publisher={VentureBeat},
    author={Takahashi, Dean},
    year={2017},
    month={Feb},
    urldate = {2023-05-02}
}

@misc{fastapi,
	title = {FastAPI},
	url={https://fastapi.tiangolo.com/},
	author = {Sebastián Ramírez},
	year = {},
	urldate = {2023-05-04}
}

@misc{phaser,
	title = {Phaser},
	url={https://phaser.io/},
	author = {Richard Davey},
	year = {},
	urldate = {2023-04-27}
}

@misc{mongodb,
	title = {MongoDB},
	url={https://www.mongodb.com/de-de},
	author = {},
	year = {},
	urldate = {2023-05-04}
}

@misc{docker,
	title = {Docker},
	url={https://www.docker.com/},
	author = {},
	year = {},
	urldate = {2023-05-04}
}

@misc{kubernetes,
	title = {Kubernetes},
	url={https://kubernetes.io/},
	author = {},
	year = {},
	urldate = {2023-05-04}
}